<record><leader>00000cas a22000007a 4500</leader><controlfield tag="001">15199593</controlfield><controlfield tag="008">870214d18891892iauwr ne      0    0eng d</controlfield><datafield ind1=" " ind2=" " tag="010"><subfield code="a">sn 87057356 </subfield></datafield><datafield ind1=" " ind2=" " tag="040"><subfield code="a">INP</subfield><subfield code="b">eng</subfield><subfield code="c">INP</subfield><subfield code="d">OCLCQ</subfield></datafield><datafield ind1="0" ind2="4" tag="245"><subfield code="a">The Illustrated Des Moines graphic.</subfield></datafield><datafield ind1=" " ind2=" " tag="260"><subfield code="a">Des Moines, Iowa :</subfield><subfield code="b">Graphic Pub. Co.,</subfield><subfield code="c">1889-</subfield></datafield><datafield ind1=" " ind2=" " tag="300"><subfield code="a">v. :</subfield><subfield code="b">ill.</subfield></datafield><datafield ind1=" " ind2=" " tag="310"><subfield code="a">Weekly</subfield></datafield><datafield ind1="0" ind2=" " tag="362"><subfield code="a">Vol. 1, no. 1 (June 15, 1889)-</subfield></datafield><datafield ind1="1" ind2=" " tag="362"><subfield code="a">Ceased in 1892?</subfield></datafield><datafield ind1=" " ind2=" " tag="752"><subfield code="a">United States</subfield><subfield code="b">Iowa</subfield><subfield code="c">Polk</subfield><subfield code="d">Des Moines.</subfield></datafield></record>